% This file was created with JabRef 2.7.2.
% Encoding: UTF-8

@INPROCEEDINGS{andreopoulos2004,
  author = {Andreopoulos, B.},
  title = {Satisficing the conflicting software qualities of maintainability
	and performance at the source code level},
  booktitle = {WER-Workshop em Engenharia de Requisitos},
  year = {2004},
  pages = {176--188},
  organization = {Citeseer},
  owner = {hboomsma},
  timestamp = {2012.02.23}
}

@ARTICLE{bacon1996,
  author = {Bacon, D.F. and Sweeney, P.F.},
  title = {Fast static analysis of C++ virtual function calls},
  journal = {ACM SIGPLAN Notices},
  year = {1996},
  volume = {31},
  pages = {324--341},
  number = {10},
  file = {:../papers/bacon1996.pdf:PDF},
  owner = {hboomsma},
  publisher = {ACM},
  timestamp = {2011.11.10}
}

@INPROCEEDINGS{ball1999,
  author = {Ball, T.},
  title = {The concept of dynamic analysis},
  booktitle = {Software Engineering—ESEC/FSE’99},
  year = {1999},
  pages = {216--234},
  organization = {Springer},
  file = {:../papers/ball1999.pdf:PDF},
  owner = {hboomsma},
  timestamp = {2011.11.10}
}

@INPROCEEDINGS{beyer2004,
  author = {Beyer, D. and Henzinger, T.A. and Jhala, R. and Majumdar, R.},
  title = {An Eclipse plug-in for model checking},
  booktitle = {Program Comprehension, 2004. Proceedings. 12th IEEE International
	Workshop on},
  year = {2004},
  pages = {251--255},
  organization = {IEEE}
}

@PHDTHESIS{biggar2010,
  author = {Biggar, P.},
  title = {Design and Implementation of an Ahead-of-Time Compiler for PHP},
  school = {TRINITY COLLEGE DUBLIN},
  year = {2010},
  file = {:../papers/biggar2010.pdf:PDF},
  owner = {hidde},
  timestamp = {2011.11.03}
}

@UNPUBLISHED{biggar2009draft,
  author = {Biggar, P. and Gregg, D.},
  title = {Static analysis of dynamic scripting languages},
  note = {Draft Augustus 2009},
  month = {8},
  year = {2009},
  file = {:../papers/biggar2009draft.pdf:PDF},
  owner = {hboomsma},
  timestamp = {2011.11.10}
}

@INPROCEEDINGS{biggar2009,
  author = {Biggar, P. and de Vries, E. and Gregg, D.},
  title = {A practical solution for scripting language compilers},
  booktitle = {Proceedings of the 2009 ACM symposium on Applied Computing},
  year = {2009},
  pages = {1916--1923},
  organization = {ACM},
  file = {:../papers/biggar2009.pdf:PDF},
  owner = {hboomsma},
  timestamp = {2011.11.10}
}

@MASTERSTHESIS{boomsma2008,
  author = {H. Boomsma},
  title = {Factureringsproces},
  school = {TU Delft},
  year = {2008},
  type = {Bachelors Thesis},
  owner = {hboomsma},
  timestamp = {2012.02.27}
}

@INPROCEEDINGS{briggs1994,
  author = {Briggs, P. and Cooper, K.D.},
  title = {Effective partial redundancy elimination},
  booktitle = {ACM SIGPLAN Notices},
  year = {1994},
  number = {6},
  series = {29},
  pages = {159--170},
  organization = {ACM},
  owner = {hboomsma},
  timestamp = {2012.03.08}
}

@TECHREPORT{briggs1993,
  author = {Briggs, P. and Shillner, R. and Simpson, T.},
  title = {Dead code elimination},
  institution = {Technical Report ONR grant},
  year = {1993},
  owner = {hboomsma},
  timestamp = {2012.03.08}
}

@INPROCEEDINGS{bruls2000,
  author = {Bruls, M. and Huizing, K. and Van Wijk, J.J.},
  title = {Squarified treemaps},
  booktitle = {Proceedings of the joint Eurographics and IEEE TCVG Symposium on
	Visualization},
  year = {2000},
  pages = {33--42},
  organization = {Citeseer},
  file = {:../papers/bruls2000.pdf:PDF},
  owner = {hboomsma},
  timestamp = {2012.02.13}
}

@INPROCEEDINGS{butts2002,
  author = {Butts, J.A. and Sohi, G.},
  title = {Dynamic dead-instruction detection and elimination},
  booktitle = {ACM SIGOPS Operating Systems Review},
  year = {2002},
  number = {5},
  series = {36},
  pages = {199--210},
  organization = {ACM},
  owner = {hboomsma},
  timestamp = {2012.03.08}
}

@MISC{chang2007,
  author = {Chang, M. and Bebenita, M. and Yermolovich, A. and Gal, A. and Franz,
	M.},
  title = {Efficient just-in-time execution of dynamically typed languages via
	code specialization using precise runtime type inference},
  year = {2007},
  file = {:../papers/chang2007.pdf:PDF},
  journal = {Donald Bren School of Information and Computer Science, University
	of California, Irvine, Irvine, CA Report},
  owner = {hboomsma},
  timestamp = {2011.11.10}
}

@ARTICLE{chen1998,
  author = {Chen, Y.F. and Gansner, E.R. and Koutsofios, E.},
  title = {A C++ data model supporting reachability analysis and dead code detection},
  journal = {Software Engineering, IEEE Transactions on},
  year = {1998},
  volume = {24},
  pages = {682--694},
  number = {9},
  file = {:../papers/chen1998.pdf:PDF},
  owner = {hidde},
  publisher = {IEEE},
  timestamp = {2011.11.03}
}

@ARTICLE{damiani2000,
  author = {Damiani, F. and Giannini, P.},
  title = {Automatic useless-code elimination for HOT functional programs},
  journal = {Journal of Functional programming},
  year = {2000},
  volume = {10},
  pages = {509--559},
  number = {6},
  owner = {hboomsma},
  publisher = {Cambridge University Press},
  timestamp = {2012.03.08}
}

@INCOLLECTION{damiani1997,
  author = {Damiani, Ferruccio and Prost, Frédéric},
  title = {Detecting and removing dead-code using rank 2 intersection},
  booktitle = {Types for Proofs and Programs},
  publisher = {Springer Berlin / Heidelberg},
  year = {1998},
  editor = {Giménez, Eduardo and Paulin-Mohring, Christine},
  volume = {1512},
  series = {Lecture Notes in Computer Science},
  pages = {66-87},
  note = {10.1007/BFb0097787},
  affiliation = {Università di Torino Dipartimento di Informatica Corso Svizzera 185
	10149 Torino (Italy)},
  isbn = {978-3-540-65137-6},
  keyword = {Computer Science},
  owner = {hboomsma},
  timestamp = {2012.03.12},
  url = {http://dx.doi.org/10.1007/BFb0097787}
}

@ARTICLE{debray2000,
  author = {Debray, S.K. and Evans, W. and Muth, R. and De Sutter, B.},
  title = {Compiler techniques for code compaction},
  journal = {ACM Transactions on Programming languages and Systems (TOPLAS)},
  year = {2000},
  volume = {22},
  pages = {378--415},
  number = {2},
  owner = {hboomsma},
  publisher = {ACM},
  timestamp = {2012.03.08}
}

@INPROCEEDINGS{lucca2005,
  author = {Di Lucca, G.A. and Di Penta, M.},
  title = {Integrating static and dynamic analysis to improve the comprehension
	of existing web applications},
  booktitle = {Web Site Evolution, 2005.(WSE 2005). Seventh IEEE International Symposium
	on},
  year = {2005},
  pages = {87--94},
  organization = {IEEE},
  file = {:../papers/lucca2005.pdf:PDF},
  owner = {hboomsma},
  timestamp = {2011.11.10}
}

@MISC{fowler2006,
  author = {Fowler, M. and Foemmel, M.},
  title = {Continuous integration},
  year = {2006},
  journal = {Thought-Works) http://www. thoughtworks. com/Continuous Integration.
	pdf},
  owner = {hboomsma},
  timestamp = {2012.03.12}
}

@ARTICLE{gannon1979,
  author = {Gannon, C.},
  title = {Error detection using path testing and static analysis},
  journal = {Computer},
  year = {1979},
  volume = {12},
  pages = {26--31},
  number = {8},
  file = {:../papers/gannon1979.pdf:PDF},
  owner = {hidde},
  publisher = {IEEE},
  timestamp = {2011.11.03}
}

@MISC{garrett2005,
  author = {Garrett, J.J.},
  title = {Ajax: A New Approach to Web Applications},
  howpublished = {Online},
  month = {February},
  year = {2005},
  note = {http://www.adaptivepath.com/publications/essays/archives/000385.php}
}

@INPROCEEDINGS{geneves2010,
  author = {Genev{\`e}s, P. and Laya{\"\i}da, N.},
  title = {Eliminating dead-code from XQuery programs},
  booktitle = {Proceedings of the 32nd ACM/IEEE International Conference on Software
	Engineering-Volume 2},
  year = {2010},
  pages = {305--306},
  organization = {ACM}
}

@INPROCEEDINGS{godfrey2000,
  author = {Godfrey, M.W. and Tu, Q.},
  title = {Evolution in open source software: A case study},
  booktitle = {Software Maintenance, 2000. Proceedings. International Conference
	on},
  year = {2000},
  pages = {131--142},
  organization = {IEEE},
  file = {:../papers/godfrey2000.pdf:PDF},
  owner = {hboomsma},
  timestamp = {2011.11.10}
}

@INPROCEEDINGS{huang2003,
  author = {Zhenyu Huan and Lisa Carter},
  title = {AUTOMATED SOLUTIONS: IMPROVING THE EFFICIENCY OF SOFTWARE TESTING},
  booktitle = {IACIS},
  year = {2003},
  pages = {171--177},
  organization = {IACIS},
  owner = {hboomsma},
  timestamp = {2012.02.23}
}

@INPROCEEDINGS{huang2004,
  author = {Huang, Y.W. and Yu, F. and Hang, C. and Tsai, C.H. and Lee, D.T.
	and Kuo, S.Y.},
  title = {Securing web application code by static analysis and runtime protection},
  booktitle = {Proceedings of the 13th international conference on World Wide Web},
  year = {2004},
  pages = {40--52},
  organization = {ACM},
  owner = {hidde},
  timestamp = {2012.03.12}
}

@ARTICLE{hudson2004,
  author = {Hudson, W.},
  title = {Breadcrumb navigation: there's more to Hansel and Gretel than meets
	the eye},
  journal = {interactions},
  year = {2004},
  volume = {11},
  pages = {79--80},
  number = {5},
  owner = {hboomsma},
  publisher = {ACM},
  timestamp = {2012.03.29}
}

@MISC{IEEE1541,
  author = {{IEEE}},
  title = {{IEEE Standard for Prefixes for Binary Multiples}},
  month = {18},
  year = {2009},
  doi = {10.1109/IEEESTD.2009.5254933},
  journal = {IEEE Std 1541-2002 (R2008)},
  keywords = {IEEE standard 1541-2002;binary multiple;binary multiplier;information
	technology;letter symbol;name prefixes;unit multiplication;IEEE standards;digital
	arithmetic;information technology;measurement standards;nomenclature;},
  pages = {c1 -4}
}

@INPROCEEDINGS{janota2007,
  author = {Janota, M. and Grigore, R. and Moskal, M.},
  title = {Reachability analysis for annotated code},
  booktitle = {Proceedings of the 2007 conference on Specification and verification
	of component-based systems: 6th Joint Meeting of the European Conference
	on Software Engineering and the ACM SIGSOFT Symposium on the Foundations
	of Software Engineering},
  year = {2007},
  pages = {23--30},
  organization = {ACM},
  file = {:../papers/janota2007.pdf:PDF},
  owner = {hidde},
  timestamp = {2011.11.03}
}

@INPROCEEDINGS{johnson1991,
  author = {Johnson, B. and Shneiderman, B.},
  title = {Tree-maps: A space-filling approach to the visualization of hierarchical
	information structures},
  booktitle = {Visualization, 1991. Visualization'91, Proceedings., IEEE Conference
	on},
  year = {1991},
  pages = {284--291},
  organization = {IEEE},
  file = {:../papers/johnson1991.pdf:PDF},
  owner = {hboomsma},
  timestamp = {2012.02.13}
}

@MISC{jones2006,
  author = {Jones, C.},
  title = {The Economics of Software Maintenance in the Twenty First Century
	(2006)},
  year = {2006},
  journal = {White paper},
  owner = {hidde}
}

@INPROCEEDINGS{jovanovic2006,
  author = {Jovanovic, N. and Kruegel, C. and Kirda, E.},
  title = {Pixy: A static analysis tool for detecting web application vulnerabilities},
  booktitle = {Security and Privacy, 2006 IEEE Symposium on},
  year = {2006},
  pages = {6--pp},
  organization = {IEEE},
  owner = {hidde},
  timestamp = {2012.03.12}
}

@INPROCEEDINGS{kiewkanya2005,
  author = {Kiewkanya, M. and Muenchaisri, P.},
  title = {Measuring maintainability in early phase using aesthetic metrics},
  booktitle = {Proceedings of the 4th WSEAS International Conference on Software
	Engineering, Parallel \& Distributed Systems},
  year = {2005},
  pages = {1--6},
  organization = {World Scientific and Engineering Academy and Society (WSEAS)},
  file = {:../papers/kiewkanya2005.pdf:PDF},
  owner = {hboomsma},
  timestamp = {2012.02.23}
}

@INPROCEEDINGS{kim2007,
  author = {Kim, K.T. and Kim, J.M. and Yoo, W.H.},
  title = {Dead Code Elimination in CTOC},
  booktitle = {Software Engineering Research, Management \& Applications, 2007.
	SERA 2007. 5th ACIS International Conference on},
  year = {2007},
  pages = {584--588},
  organization = {IEEE},
  owner = {hboomsma},
  timestamp = {2012.03.08}
}

@BOOK{knoop1994,
  title = {Partial dead code elimination},
  publisher = {ACM},
  year = {1994},
  author = {Knoop, J. and R{\"u}thing, O. and Steffen, B.},
  volume = {29},
  file = {:../papers/knoop1994.pdf:PDF},
  owner = {hidde},
  timestamp = {2011.11.14}
}

@ARTICLE{lida2003,
  author = {Lida, B. and Hull, S. and Pilcher, K.},
  title = {Breadcrumb navigation: An exploratory study of usage},
  journal = {Usability News},
  year = {2003},
  volume = {5},
  pages = {1--7},
  number = {1},
  owner = {hboomsma},
  timestamp = {2012.03.29}
}

@INCOLLECTION{liu1999,
  author = {Liu, Yanhong and Stoller, Scott},
  title = {Eliminating Dead Code on Recursive Data},
  booktitle = {Static Analysis},
  publisher = {Springer Berlin / Heidelberg},
  year = {1999},
  editor = {Cortesi, Agostino and Filé, Gilberto},
  volume = {1694},
  series = {Lecture Notes in Computer Science},
  pages = {83-83},
  affiliation = {Indiana University Computer Science Department Bloomington IN 47405
	USA},
  isbn = {978-3-540-66459-8},
  keyword = {Computer Science}
}

@INPROCEEDINGS{parnas1994,
  author = {Parnas, D.L.},
  title = {Software aging},
  booktitle = {Proceedings of the 16th international conference on Software engineering},
  year = {1994},
  pages = {279--287},
  publisher = {IEEE Computer Society Press},
  file = {:../papers/parnas1994.pdf:PDF},
  owner = {hidde},
  timestamp = {2011.11.07}
}

@BOOK{potencier2010,
  title = {The Definitive Guide to symfony},
  publisher = {Apress LP},
  year = {2010},
  author = {Potencier, F. and Zaninotto, F.},
  edition = {1.1},
  file = {:../papers/potencier2010.pdf:PDF},
  owner = {hboomsma},
  timestamp = {2011.11.30},
  url = {http://www.symfony-project.org/get/pdf/book-1.1-en.pdf}
}

@ARTICLE{rogers2003,
  author = {Rogers, B.L. and Chaparro, B.},
  title = {Breadcrumb navigation: Further investigation of usage},
  journal = {Usability News},
  year = {2003},
  volume = {5},
  pages = {1--7},
  number = {2},
  owner = {hboomsma},
  timestamp = {2012.03.29}
}

@INPROCEEDINGS{scanniello2011,
  author = {Scanniello, G.},
  title = {Source code survival with the Kaplan Meier},
  booktitle = {Software Maintenance (ICSM), 2011 27th IEEE International Conference
	on},
  year = {2011},
  pages = {524 -527},
  month = {sept.},
  doi = {10.1109/ICSM.2011.6080823},
  issn = {1063-6773},
  keywords = {Java;Kaplan Meier estimator;dead code elimination;open source software
	systems;software comprehensibility;software maintenance;software
	readability;source code survival;Java;data flow analysis;public domain
	software;software maintenance;}
}

@ARTICLE{srivastava1992,
  author = {Srivastava, A.},
  title = {Unreachable procedures in object-oriented programming},
  journal = {ACM Letters on Programming Languages and Systems (LOPLAS)},
  year = {1992},
  volume = {1},
  pages = {355--364},
  number = {4},
  file = {:../papers/srivastava1992.pdf:PDF},
  owner = {hidde},
  publisher = {ACM},
  timestamp = {2011.11.03}
}

@INPROCEEDINGS{sunitha2006,
  author = {Sunitha, KVN and Kumar, VV},
  title = {A New Technique for Copy Propagation And Dead Code Elimination Using
	Hash Based Value Numbering},
  booktitle = {Advanced Computing and Communications, 2006. ADCOM 2006. International
	Conference on},
  year = {2006},
  pages = {601--604},
  organization = {IEEE}
}

@INPROCEEDINGS{tempero2008,
  author = {Tempero, E.},
  title = {An Empirical Study of Unused Design Decisions in Open Source Java
	Software},
  booktitle = {Software Engineering Conference, 2008. APSEC'08. 15th Asia-Pacific},
  year = {2008},
  pages = {33--40},
  organization = {IEEE},
  owner = {hboomsma},
  timestamp = {2012.03.12}
}

@ARTICLE{tratt2009,
  author = {Tratt, L.},
  title = {Dynamically typed languages},
  journal = {Advances in Computers},
  year = {2009},
  volume = {77},
  pages = {149--184},
  file = {:../papers/tratt2009.pdf:PDF},
  owner = {hboomsma},
  publisher = {Elsevier},
  timestamp = {2011.11.10}
}

@TECHREPORT{devries2007,
  author = {de Vries, E. and Gilbert, J.},
  title = {Design and Implementation of a PHP Compiler Front-end},
  institution = {Trinity College Dublin, Ireland},
  year = {2007},
  file = {:../papers/devries2007.pdf:PDF},
  owner = {hboomsma},
  timestamp = {2011.11.10}
}

@INCOLLECTION{xi1998,
  author = {Xi, Hongwei},
  title = {Dead Code Elimination through Dependent Types},
  booktitle = {Practical Aspects of Declarative Languages},
  publisher = {Springer Berlin / Heidelberg},
  year = {1998},
  editor = {Gupta, Gopal},
  volume = {1551},
  series = {Lecture Notes in Computer Science},
  pages = {228-242},
  affiliation = {Oregon Graduate Institute Department of Computer Science and Engineering
	91000 Portland OR 97291 USA},
  isbn = {978-3-540-65527-5},
  keyword = {Computer Science}
}

@INPROCEEDINGS{xie2006,
  author = {Xie, Y. and Aiken, A.},
  title = {Static detection of security vulnerabilities in scripting languages},
  booktitle = {15th USENIX Security Symposium},
  year = {2006},
  pages = {179--192},
  owner = {hidde},
  timestamp = {2012.03.12}
}

@MANUAL{php,
  title = {PHP Online Manual},
  organization = {The PHP Group},
  year = {2011},
  note = {http://nl.php.net/manual/en/},
  owner = {hboomsma},
  timestamp = {2011.11.15},
  url = {http://nl.php.net/manual/en/}
}

